
@book{@6960-BEISTEGUI2004,
keywords          = {,20251404FERRAN},
author            = {Beistegui, Miguel de},
title             = {Truth and Genesis: Philosophy as Differential Ontology},
date              = {2004},
location          = {Bloomington},
publisher         = {Indiana University Press},
hyphenation       = {english},
langId            = {english},
language          = {english},
origLanguage      = {english},
}
@book{@6961-DELEUZE2002,
keywords          = {,20251404FERRAN},
author            = {Deleuze, Gilles},
title             = {Diferencia y repetición},
date              = {2002},
location          = {Buenos Aires},
publisher         = {Amorrortu},
hyphenation       = {spanish},
language          = {spanish},
}
@book{@6962-DESCOMBES1998,
keywords          = {,20251404FERRAN},
author            = {Descombes, Vincent},
title             = {Lo mismo y lo otro},
date              = {1998},
location          = {Madrid},
publisher         = {Cátedra},
hyphenation       = {spanish},
language          = {spanish},
origLanguage      = {spanish},
}
@book{@6963-KOJEVE1996,
keywords          = {,20251404FERRAN},
author            = {Kojève, Alexander},
title             = {La dialéctica del amo y del esclavo en Hegel},
date              = {1996},
location          = {Buenos Aires},
publisher         = {Fausto},
hyphenation       = {spanish},
language          = {spanish},
}
@book{@6964-SARTRE1995,
keywords          = {,20251404FERRAN},
author            = {Sartre, Jean-Paul},
title             = {Crítica de la razón dialéctica},
date              = {1995},
location          = {Buenos Aires},
publisher         = {Losada},
hyphenation       = {spanish},
language          = {spanish},
}
@book{@6965-FOUCAULT1973,
keywords          = {,20251404FERRAN},
author            = {Foucault, Michel},
title             = {El orden del discurso},
date              = {1973},
location          = {Barcelona},
publisher         = {Tusquets},
hyphenation       = {spanish},
language          = {spanish},
}
@book{@6966-HEIDEGGER1988,
keywords          = {,20251404FERRAN},
author            = {Heidegger, Martin},
title             = {Identidad y diferencia},
date              = {1988},
location          = {Barcelona},
publisher         = {Anthropos},
hyphenation       = {spanish},
language          = {spanish},
}
@book{@6967-POGGELER1993,
keywords          = {,20251404FERRAN},
author            = {Pöggeler, Otto},
title             = {El camino del pensar de Martin Heidegger},
date              = {1993},
location          = {Madrid},
publisher         = {Alianza},
hyphenation       = {spanish},
language          = {spanish},
}
@book{@6968-RESTA1988,
keywords          = {,20251404FERRAN},
author            = {Resta, Caterina},
title             = {La misura della differenza},
date              = {1988},
location          = {Milano},
publisher         = {Guerini},
hyphenation       = {spanish},
language          = {spanish},
}
@book{@6969-DOSSE2004,
keywords          = {,20251404FERRAN},
author            = {Dosse, François},
title             = {Historia del estructuralismo},
date              = {2004},
location          = {Madrid},
publisher         = {Akal},
hyphenation       = {spanish},
language          = {spanish},
}
@book{@6970-SAUSSURE1945,
keywords          = {,20251404FERRAN},
author            = {Saussure, Ferdinand de},
title             = {Curso de lingüística general},
date              = {1945},
location          = {Buenos Aires},
publisher         = {Losada},
hyphenation       = {spanish},
language          = {spanish},
}
@book{@6971-LEVISTRAUSS1977,
keywords          = {,20251404FERRAN},
author            = {Lévi-Strauss, Claude},
title             = {Antropología estructural},
date              = {1977},
location          = {Buenos Aires},
publisher         = {Eudeba},
hyphenation       = {spanish},
language          = {spanish},
}
@book{@6972-DELEUZE1996,
keywords          = {,20251404FERRAN},
author            = {Deleuze, Gilles},
title             = {Empirismo y subjetividad},
date              = {1996},
location          = {Barcelona},
publisher         = {Gedisa},
hyphenation       = {spanish},
language          = {spanish},
}
@book{@6973-SAZBON2009,
keywords          = {,20251404FERRAN},
author            = {Sazbón, José},
title             = {Nietzsche en Francia},
date              = {2009},
location          = {Buenos Aires},
publisher         = {UNQ},
hyphenation       = {spanish},
language          = {spanish},
}
@article{@6974-CASTRO2002,
keywords          = {,20251404FERRAN},
author            = {Castro, Edgardo},
title             = {Los usos de Nietzsche},
journalTitle      = {Instantes y Azares. Escrituras Nietzscheanas},
volume            = {2},
year              = {2002},
pages             = {59-84},
hyphenation       = {spanish},
language          = {spanish},
number            = {2},
}
@book{@6975-DELEUZE1998,
keywords          = {,20251404FERRAN},
author            = {Deleuze, Gilles},
title             = {Nietzsche y la filosofía},
date              = {1998},
location          = {Barcelona},
publisher         = {Anagrama},
hyphenation       = {spanish},
language          = {spanish},
}
@incollection{@6976-DELEUZE2005,
keywords          = {,20251404FERRAN},
author            = {Deleuze, Gilles},
title             = {Conclusiones sobre la voluntad de poder y el eterno retorno},
bookTitle         = {La isla desierta y otros textos},
date              = {2005},
location          = {Valencia},
publisher         = {Pre-Textos},
hyphenation       = {spanish},
language          = {spanish},
}
@incollection{@6977-DELEUZE2005,
keywords          = {,20251404FERRAN},
author            = {Deleuze, Gilles},
title             = {La concepción de la diferencia en Bergson},
bookTitle         = {La isla desierta y otros textos},
date              = {2005},
location          = {Valencia},
publisher         = {Pre-Textos},
hyphenation       = {spanish},
language          = {spanish},
}
@book{@6978-FOUCAULT1995,
keywords          = {,20251404FERRAN},
author            = {Foucault, Michel},
title             = {Theatrum Philosophicum},
date              = {1995},
location          = {Barcelona},
publisher         = {Anagrama},
hyphenation       = {spanish},
language          = {spanish},
}
@incollection{@6979-GALLEGO2008,
keywords          = {,20251404FERRAN},
author            = {Gallego, Fernando},
bookAuthor        = {Mengue, Philippe},
title             = {Prefacio a un libro necesario},
bookTitle         = {Deleuze o el sistema de lo múltiple},
date              = {2008},
location          = {Buenos Aires},
publisher         = {Las Cuarenta},
hyphenation       = {spanish},
language          = {spanish},
}
@incollection{@6980-DELEUZE2005,
keywords          = {,20251404FERRAN},
author            = {Deleuze, Gilles},
title             = {El método de dramatización},
bookTitle         = {La isla desierta y otros textos},
date              = {2005},
location          = {Valencia},
publisher         = {Pre-Textos},
hyphenation       = {spanish},
language          = {spanish},
}
@book{@6981-DERRIDA2000,
keywords          = {,20251404FERRAN},
author            = {Derrida, Jacques},
title             = {Introducción al origen de la Geometría» de Husserl},
date              = {2000},
location          = {Buenos Aires},
publisher         = {Manantial},
hyphenation       = {spanish},
language          = {spanish},
}
@book{@6982-BENNINGTON1994,
keywords          = {,20251404FERRAN},
author            = {Bennington, Geoffrey},
title             = {Jacques Derrida},
date              = {1994},
location          = {Madrid},
publisher         = {Cátedra},
hyphenation       = {spanish},
language          = {spanish},
}
@incollection{@6983-DERRIDA1989,
keywords          = {,20251404FERRAN},
author            = {Derrida, Jacques},
title             = {La différance},
bookTitle         = {Márgenes de la filosofía},
date              = {1989},
location          = {Madrid},
publisher         = {Cátedra},
hyphenation       = {spanish},
language          = {spanish},
}
@book{@6984-DERRIDA1998,
keywords          = {,20251404FERRAN},
author            = {Derrida, Jacques},
title             = {De la Gramatología},
date              = {1998},
location          = {Buenos Aires},
publisher         = {Siglo XXI},
hyphenation       = {spanish},
language          = {spanish},
}
@book{@6985-DERRIDA1977,
keywords          = {,20251404FERRAN},
author            = {Derrida, Jacques},
title             = {Posiciones},
date              = {1977},
location          = {Valencia},
publisher         = {Pre-Textos},
hyphenation       = {spanish},
language          = {spanish},
}
@book{@6986-RESTA1990,
keywords          = {,20251404FERRAN},
author            = {Resta, Caterina},
title             = {Pensare al limite},
date              = {1990},
location          = {Milano},
publisher         = {Guerini},
hyphenation       = {spanish},
language          = {spanish},
}
@book{@6987-DERRIDA1989,
keywords          = {,20251404FERRAN},
author            = {Derrida, Jacques},
title             = {La Escritura y la Diferencia},
date              = {1989},
location          = {Barcelona},
publisher         = {Anthropos},
hyphenation       = {spanish},
language          = {spanish},
}
@book{@6988-DERRIDA1997,
keywords          = {,20251404FERRAN},
author            = {Derrida, Jacques},
title             = {La Diseminación},
date              = {1997},
location          = {Madrid},
publisher         = {Fundamentos},
hyphenation       = {spanish},
language          = {spanish},
}
@incollection{@6989-NANCY2008,
keywords          = {,20251404FERRAN},
author            = {Nancy, Jean-Luc},
bookAuthor        = {Cragnolini, Mónica},
title             = {Las diferencias paralelas. Deleuze y Derrida},
bookTitle         = {Por amor a Derrida},
date              = {2008},
location          = {Buenos Aires},
publisher         = {La Cebra},
hyphenation       = {spanish},
language          = {spanish},
}
@collection{@6990-AGAMBEN2008,
keywords          = {,20251404FERRAN},
author            = {Agamben, Giorgio},
title             = {La inmanencia absoluta},
bookTitle         = {La potencia del pensamiento},
date              = {2008},
location          = {Buenos Aires},
publisher         = {Adriana Hidalgo},
hyphenation       = {spanish},
language          = {spanish},
}
@book{@6991-VATTIMO1999,
keywords          = {,20251404FERRAN},
author            = {Vattimo, Gianni},
title             = {Las aventuras de la diferencia},
date              = {1999},
location          = {Barcelona},
publisher         = {Altaya},
hyphenation       = {spanish},
language          = {spanish},
}
@incollection{@6992-DERRIDA2005,
keywords          = {,20251404FERRAN},
author            = {Derrida, Jacques},
title             = {Tendré que errar solo},
bookTitle         = {Cada vez única, el fin del mundo},
date              = {2005},
location          = {Valencia},
publisher         = {Pre-Textos},
hyphenation       = {spanish},
language          = {spanish},
}
@book{@6993-MENGUE2008,
keywords          = {,20251404FERRAN},
author            = {Mengue, Philippe},
title             = {Deleuze o el sistema de lo múltiple},
date              = {2008},
location          = {Buenos Aires},
publisher         = {Las Cuarenta},
hyphenation       = {spanish},
language          = {spanish},
}
@incollection{@6994-DERRIDA1989,
keywords          = {,20251404FERRAN},
author            = {Derrida, Jacques},
title             = {Violencia y metafísica},
bookTitle         = {La Escritura y la Diferencia},
date              = {1989},
location          = {Barcelona},
publisher         = {Anthropos},
hyphenation       = {spanish},
language          = {spanish},
}
@book{@6995-DOSSE2004,
keywords          = {,20251404FERRAN},
author            = {Dosse, François},
title             = {Historia del Estructuralismo},
volume            = {I},
date              = {2004},
location          = {Madrid},
publisher         = {Akal},
hyphenation       = {spanish},
language          = {spanish},
subtitle          = {El Campo del signo 1945-1966},
}
@book{@6996-SAUSSURE2007,
keywords          = {,20251404FERRAN},
author            = {Saussure, Ferdinand de},
title             = {Curso de lingüística general},
date              = {2007},
location          = {Buenos Aires},
publisher         = {Losada},
hyphenation       = {spanish},
language          = {spanish},
}
@incollection{@6997-DERRIDA1989,
keywords          = {,20251404FERRAN},
author            = {Derrida, Jacques},
title             = {La escritura, el signo y el juego en el discurso de las ciencias humanas},
bookTitle         = {La escritura y la diferencia},
date              = {1989},
location          = {Barcelona},
publisher         = {Anthropos},
hyphenation       = {spanish},
language          = {spanish},
}
@book{@6998-MARCHART2009,
keywords          = {,20251404FERRAN},
author            = {Marchart, Oliver},
title             = {El pensamiento político posfundacional},
date              = {2009},
location          = {Buenos Aires},
publisher         = {Fondo de Cultura Económica},
hyphenation       = {spanish},
language          = {spanish},
subtitle          = {La diferencia política en Nancy, Lefort, Badiou y Laclau},
}
@book{@6999-LACLAU1990,
keywords          = {,20251404FERRAN},
author            = {Laclau, Ernesto},
title             = {Nuevas reflexiones sobre la revolución en nuestro tiempo},
date              = {1990},
location          = {Nueva Visión},
publisher         = {Nueva Visión},
hyphenation       = {spanish},
language          = {spanish},
}
@article{@7000-LACLAU2004,
keywords          = {,20251404FERRAN},
author            = {Laclau, Ernesto},
title             = {Discurso},
journalTitle      = {Revista Topos y Tropos},
year              = {2004},
pages             = {1-7},
hyphenation       = {spanish},
language          = {spanish},
number            = {1},
}
@incollection{@7001-LACLAU1990,
keywords          = {,20251404FERRAN},
author            = {Laclau, Ernesto and Mouffe, Chantal},
bookAuthor        = {Laclau, Ernesto},
title             = {Posmarxismo sin pedidos de disculpas},
bookTitle         = {Nuevas reflexiones sobre la revolución en nuestro tiempo},
date              = {1990},
location          = {Buenos Aires},
publisher         = {Nueva Visión},
hyphenation       = {spanish},
language          = {spanish},
}
@book{@7002-GROPPO2009,
keywords          = {,20251404FERRAN},
author            = {Groppo, Alejandro},
title             = {Los dos príncipes},
date              = {2009},
location          = {Villa María},
publisher         = {Eduvim},
hyphenation       = {spanish},
language          = {spanish},
subtitle          = {Juan D. Perón y Getulio Vargas: un estudio comparado del populismo latinoamericano},
}
@book{@7003-STAVRAKAKIS2010,
keywords          = {,20251404FERRAN},
author            = {Stavrakakis, Yannis},
title             = {La izquierda lacaniana},
date              = {2010},
location          = {Buenos Aires},
publisher         = {Fondo de Cultura Económica},
hyphenation       = {spanish},
language          = {spanish},
subtitle          = {Psicoanálisis, teoría, política},
}
@incollection{@7004-MILLER2008,
keywords          = {,20251404FERRAN},
author            = {Miller, Jacques-Alain},
title             = {La sutura},
bookTitle         = {Matemas II},
date              = {2008},
location          = {Buenos Aires},
publisher         = {Manantial},
pages             = {53-68},
hyphenation       = {spanish},
language          = {spanish},
}
@incollection{@7005-MILLER2008,
keywords          = {,20251404FERRAN},
author            = {Miller, Jacques-Alain},
title             = {La sutura},
bookTitle         = {Matemas II},
date              = {2008},
location          = {Buenos Aires},
publisher         = {Manantial},
pages             = {53-68},
hyphenation       = {spanish},
language          = {spanish},
}
@book{@7006-ALAIN2009,
keywords          = {,20251404FERRAN},
author            = {Alain Badiou},
title             = {Elogio del amor},
date              = {2009},
location          = {París},
publisher         = {Flammarion},
hyphenation       = {spanish},
language          = {spanish},
}
@book{@7007-GIORGIO2009,
keywords          = {,20251404FERRAN},
author            = {Giorgio Agamben},
title             = {Signatura Rerum: Sobre el método},
date              = {2009},
location          = {Buenos Aires},
publisher         = {Adriana Hidalgo},
hyphenation       = {spanish},
language          = {spanish},
}
@book{@7008-ELIAS2005,
keywords          = {,20251404FERRAN},
author            = {Palti, Elías J.},
title             = {Verdades y saberes sobre el marxismo: Reacciones de una tradición política ante su crisis},
date              = {2005},
location          = {Buenos Aires},
publisher         = {Fondo de Cultura Económica},
hyphenation       = {spanish},
language          = {spanish},
}
@book{@7009-ERNESTO2008,
keywords          = {,20251404FERRAN},
author            = {Laclau, Ernesto},
title             = {Debates y combates: por un nuevo horizonte de la política},
date              = {2008},
location          = {Buenos Aires},
publisher         = {Fondo de Cultura Económica},
hyphenation       = {spanish},
language          = {spanish},
}
@book{@7010-BADIOU2009,
keywords          = {,20251404FERRAN},
author            = {Badiou, Alain},
title             = {Pequeño panteón portátil},
date              = {2009},
location          = {Buenos Aires},
publisher         = {FCE},
hyphenation       = {spanish},
language          = {spanish},
}
@book{@7011-NANCY1993,
keywords          = {,20251404FERRAN},
author            = {Nancy, Jean-Luc},
title             = {Le sens du monde},
date              = {1993},
location          = {París},
publisher         = {1993},
hyphenation       = {french},
language          = {french},
}
@book{@7012-NANCY2009,
keywords          = {,20251404FERRAN},
author            = {Nancy, Jean-Luc},
title             = {La verdad de la democracia},
date              = {2009},
location          = {Buenos Aires},
publisher         = {Amorrortu},
hyphenation       = {spanish},
language          = {spanish},
}
@book{,
keywords          = {,20251404FERRAN},
author            = {Badiou, Alain},
title             = {Segundo manifiesto por la filosofía},
date              = {2010},
location          = {Buenos Aires},
publisher         = {Manantial},
hyphenation       = {spanish},
language          = {spanish},
}
@book{@7014-ALTHUSSER2002,
keywords          = {,20251404FERRAN},
author            = {Althusser, Louis},
title             = {Para un materialismo aleatorio},
date              = {2002},
location          = {Madrid},
publisher         = {Arena},
hyphenation       = {spanish},
language          = {spanish},
}
@article{@7015-MARQUESRODILLA2007,
keywords          = {,20251404FERRAN},
author            = {Marqués Rodilla, Cristina},
title             = {Sobre el sujeto: ¿Deleuze versus Badiou?},
journalTitle      = {Series filosóficas},
year              = {2007},
publisher         = {UNED},
hyphenation       = {spanish},
language          = {spanish},
number            = {22},
}
@book{@7016-MARQUESRODILLA2001,
keywords          = {,20251404FERRAN},
author            = {Marqués Rodilla, Cristina},
title             = {El sujeto tachado},
date              = {2001},
location          = {Madrid},
publisher         = {Biblioteca Nueva},
hyphenation       = {spanish},
language          = {spanish},
subtitle          = {Metáforas topológicas de Jacques Lacan},
}
@book{@7017-ALEMAN2000,
keywords          = {,20251404FERRAN},
author            = {Alemán, Jorge},
title             = {Jacques Lacan y el debate posmoderno},
date              = {2000},
location          = {Buenos Aires},
publisher         = {Filigrana},
hyphenation       = {spanish},
language          = {spanish},
}
@book{@7018-BADIOU1999,
keywords          = {,20251404FERRAN},
author            = {Badiou, Alain},
title             = {San Pablo},
date              = {1999},
location          = {Barcelona},
publisher         = {Anthropos},
hyphenation       = {spanish},
language          = {spanish},
subtitle          = {La fundación del universalismo},
}
@book{@7019-BADIOU2008,
keywords          = {,20251404FERRAN},
author            = {Badiou, Alain},
title             = {Lógicas de los mundos},
date              = {2008},
location          = {Buenos Aires},
publisher         = {Bordes Manantial},
hyphenation       = {spanish},
language          = {spanish},
}
@book{@7020-ZIZEK2006,
keywords          = {,20251404FERRAN},
author            = {Žižek, Slavoj},
title             = {Visión de paralaje},
date              = {2006},
location          = {Buenos Aires},
publisher         = {FCE},
hyphenation       = {spanish},
language          = {spanish},
}
@book{@7021-LACLAU2007,
keywords          = {,20251404FERRAN},
author            = {Laclau, Ernesto},
title             = {La razón populista},
date              = {2007},
location          = {Buenos Aires},
publisher         = {Fondo de Cultura Económica},
hyphenation       = {spanish},
language          = {spanish},
}
@book{@7022-BOSTEELS2007,
keywords          = {,20251404FERRAN},
author            = {Bosteels, Bruno},
title             = {Badiou o el recomienzo del materialismo dialéctico},
date              = {2007},
location          = {Santiago de Chile},
publisher         = {Palinodia},
hyphenation       = {spanish},
language          = {spanish},
}
@book{@7023-DERRIDA2000,
keywords          = {,20251404FERRAN},
author            = {Derrida, Jacques},
title             = {El origen de la geometría de Husserl},
date              = {2000},
location          = {Buenos Aires},
publisher         = {Manantial},
hyphenation       = {spanish},
language          = {spanish},
}
@book{@7024-MARCHANT2009,
keywords          = {,20251404FERRAN},
author            = {Marchant, Oliver},
title             = {El pensamiento político posfundacional. La diferencia política en Nancy, Lefort, Badiou y Laclau},
date              = {2009},
location          = {Buenos Aires},
publisher         = {Fondo de Cultura Económica},
hyphenation       = {spanish},
language          = {spanish},
}
@book{@7025-LACLAU2006,
keywords          = {,20251404FERRAN},
author            = {Laclau, Ernesto y Mouffe, Chantal},
title             = {Hegemonía y estrategia socialista: hacia una radicalización de la democracia},
date              = {2006},
location          = {Buenos Aires},
publisher         = {Fondo de Cultura Económica},
hyphenation       = {spanish},
language          = {spanish},
}
@book{@7026-PALTI2007,
keywords          = {,20251404FERRAN},
author            = {Palti, Elías J.},
title             = {El tiempo de la política: el siglo XIX reconsiderado},
date              = {2007},
location          = {Buenos Aires},
publisher         = {Siglo XXI},
hyphenation       = {spanish},
language          = {spanish},
}
@incollection{@7027-BORON1996,
keywords          = {,20251404FERRAN},
author            = {Boron, Atilio},
title             = {¿Posmarxismo? Crisis, recomposición o liquidación del marxismo en la obra de Ernesto Laclau},
bookTitle         = {Tras el Búho de Minerva. Mercado contra democracia en el capitalismo de fin de siglo},
date              = {1996},
location          = {Buenos Aires},
publisher         = {Fondo de Cultura Económica},
hyphenation       = {spanish},
language          = {spanish},
}
@incollection{@7028-BISET2010,
keywords          = {,20251404FERRAN},
author            = {Biset, Emmanuel},
editor            = {Hunziker, P. and Smola, J.},
title             = {Historicidad y política},
bookTitle         = {El tiempo, la política y la historia},
date              = {2010},
location          = {Buenos Aires},
publisher         = {Editorial de la Universidad Nacional de General Sarmiento},
hyphenation       = {spanish},
language          = {spanish},
}
@incollection{@7029-LACLAU2000,
keywords          = {,20251404FERRAN},
author            = {Laclau, Ernesto},
bookAuthor        = {Butler, Judith and Laclau, Ernesto and Žižek, Slavoj},
title             = {Construyendo la universalidad},
bookTitle         = {Contingencia, hegemonía, universalidad},
date              = {2000},
location          = {Buenos Aires},
publisher         = {Fondo de Cultura Económica},
pages             = {281-306},
hyphenation       = {spanish},
language          = {spanish},
}
@article{@7030-DAIN2007,
keywords          = {,20251404FERRAN},
author            = {Daín, Andrés},
title             = {La lógica de la sobredeterminación},
journalTitle      = {Revista Pensamento Plural},
year              = {2007},
date              = {2007-07},
pages             = {91-109},
hyphenation       = {spanish},
language          = {spanish},
number            = {7},
subtitle          = {Hacia una radicalización del análisis político},
}
@book{@7031-FREUD2008,
keywords          = {,20251404FERRAN},
author            = {Freud, Sigmund},
title             = {La interpretación de los sueños},
bookTitle         = {Obras Completas},
volume            = {4},
date              = {2008},
location          = {Buenos Aires},
publisher         = {Amorrortu},
hyphenation       = {spanish},
language          = {spanish},
}
@book{@7032-FREUD1969,
keywords          = {,20251404FERRAN},
author            = {Freud, Sigmund},
title             = {Introducción al psicoanálisis},
date              = {1969},
location          = {Madrid},
publisher         = {Alianza},
hyphenation       = {spanish},
language          = {spanish},
}
@book{@7033-ALTHUSSER1993,
keywords          = {,20251404FERRAN},
author            = {Althusser, Louis},
title             = {Escritos sobre psicoanálisis},
date              = {1993},
location          = {México},
publisher         = {Siglo XXI},
hyphenation       = {spanish},
language          = {spanish},
subtitle          = {Freud y Lacan},
}
@article{@7034-DAIN2011,
keywords          = {,20251404FERRAN},
author            = {Daín, Andrés},
title             = {Marx, Althusser y Derrida},
date              = {2011},
publisher         = {Astrolabio. Nueva época},
pages             = {158-185},
hyphenation       = {spanish},
language          = {spanish},
number            = {6},
subtitle          = {La sobredeterminación como suplemento},
}
@book{@7035-ALTHUSSER1967,
keywords          = {,20251404FERRAN},
author            = {Althusser, Louis},
title             = {Para leer El Capital},
edition           = {25},
date              = {1967},
location          = {México},
publisher         = {Siglo XXI},
hyphenation       = {spanish},
language          = {spanish},
}
@article{@7036-BUTLER2001,
keywords          = {,20251404FERRAN},
author            = {Butler, Judith},
title             = {¿Qué es la crítica?},
journalTitle      = {Transversal EIPCP Multilingual Webjournal},
year              = {2001},
date              = {2001-05},
hyphenation       = {spanish},
language          = {spanish},
subtitle          = {Un ensayo sobre la virtud de Foucault},
}
@book{@7037-FOUCAULT2002,
keywords          = {,20251404FERRAN},
author            = {Foucault, Michel},
title             = {¿Qué es la Ilustración?},
date              = {2002},
location          = {Córdoba},
publisher         = {Alción Editora},
hyphenation       = {spanish},
language          = {spanish},
}
@incollection{@7038-FOUCAULT2010,
keywords          = {,20251404FERRAN},
author            = {Foucault, Michel},
title             = {Entrevista sobre la prisión: el libro y su método},
bookTitle         = {Michel Foucault. Obras esenciales},
date              = {2010},
location          = {Madrid},
publisher         = {Paidós},
hyphenation       = {spanish},
language          = {spanish},
}
@book{@7039-GROS2007,
keywords          = {,20251404FERRAN},
author            = {Gros, Frédéric},
title             = {Michel Foucault},
date              = {2007},
location          = {Buenos Aires},
publisher         = {Amorrortu},
hyphenation       = {spanish},
language          = {spanish},
}
@book{@7040-LEBLANC2008,
keywords          = {,20251404FERRAN},
author            = {Le Blanc, Guillaume},
title             = {El pensamiento Foucault},
date              = {2008},
location          = {Buenos Aires},
publisher         = {Amorrortu},
hyphenation       = {spanish},
language          = {spanish},
}
@book{@7041-REVEL2008,
keywords          = {,20251404FERRAN},
author            = {Revel, Judith},
title             = {El vocabulario de Foucault},
date              = {2008},
location          = {Buenos Aires},
publisher         = {Atuel},
hyphenation       = {spanish},
language          = {spanish},
}
@article{@7042-FOUCAULT1995,
keywords          = {,20251404FERRAN},
author            = {Foucault, Michel},
title             = {¿Qué es la Crítica? (Crítica y Aufklärung)},
journalTitle      = {Daimon, Revista de Filosofía},
date              = {1995},
hyphenation       = {spanish},
language          = {spanish},
number            = {11},
}
@incollection{@7043-FOUCAULT1986,
keywords          = {,20251404FERRAN},
author            = {Foucault, Michel},
title             = {Por qué estudiar el poder: la cuestión del sujeto},
bookTitle         = {Materiales de sociología crítica},
date              = {1986},
location          = {Madrid},
publisher         = {Ediciones La Piqueta},
hyphenation       = {spanish},
language          = {spanish},
}
@book{@7044-NIETZSCHE2009,
keywords          = {,20251404FERRAN},
author            = {Nietzsche, Friedrich},
title             = {La genealogía de la moral},
date              = {2009},
location          = {Madrid},
publisher         = {Alianza Editorial},
hyphenation       = {spanish},
language          = {spanish},
}
@book{@7045-FOUCAULT2008,
keywords          = {,20251404FERRAN},
author            = {Foucault, Michel},
title             = {Nietzsche, la genealogía y la historia},
date              = {2008},
location          = {Valencia},
publisher         = {Pre-textos},
hyphenation       = {spanish},
language          = {spanish},
}
@book{@7046-DIAZ2005,
keywords          = {,20251404FERRAN},
author            = {Díaz, Esther},
title             = {La filosofía de Michel Foucault},
date              = {2005},
location          = {Buenos Aires},
publisher         = {Biblos},
hyphenation       = {spanish},
language          = {spanish},
}
@book{@7047-FOUCAULT2008,
keywords          = {,20251404FERRAN},
author            = {Foucault, Michel},
title             = {Nietzsche, la genealogía y la historia},
date              = {2008},
location          = {Buenos Aires},
publisher         = {Pre-textos},
hyphenation       = {spanish},
language          = {spanish},
}
@book{@7048-FOUCAULT2000,
keywords          = {,20251404FERRAN},
author            = {Foucault, Michel},
title             = {Defender la sociedad},
date              = {2000},
location          = {Buenos Aires},
publisher         = {Fondo de Cultura Económica},
hyphenation       = {spanish},
language          = {spanish},
}
@book{@7049-FOUCAULT2008,
keywords          = {,20251404FERRAN},
author            = {Foucault, Michel},
title             = {La verdad y las formas jurídicas},
date              = {2008},
location          = {Barcelona},
publisher         = {Gedisa},
hyphenation       = {spanish},
language          = {spanish},
}
@book{@7050-DELEUZE1996,
keywords          = {,20251404FERRAN},
author            = {Deleuze, Gilles},
title             = {Conversaciones},
date              = {1996},
location          = {Valencia},
publisher         = {Pre-textos},
hyphenation       = {spanish},
language          = {spanish},
}
@book{@7051-ALTHUSSER1965,
keywords          = {,20251404FERRAN},
author            = {Althusser, Louis},
title             = {La revolución teórica de Marx},
date              = {1965},
location          = {México},
publisher         = {Siglo XXI},
hyphenation       = {spanish},
language          = {spanish},
}
@book{@7052-COLOMBANI2008,
keywords          = {,20251404FERRAN},
author            = {Colombani, María Cecilia},
title             = {Foucault y lo político},
date              = {2008},
location          = {Buenos Aires},
publisher         = {Prometeo libros},
hyphenation       = {spanish},
language          = {spanish},
}
@book{@7053-DELEUZE2008,
keywords          = {,20251404FERRAN},
author            = {Deleuze, Gilles},
title             = {Foucault},
date              = {2008},
location          = {Buenos Aires},
publisher         = {Paidós},
hyphenation       = {spanish},
language          = {spanish},
}
@book{@7054-FOUCAULT2004,
keywords          = {,20251404FERRAN},
author            = {Foucault, Michel},
title             = {Vigilar y castigar},
date              = {2004},
location          = {Buenos Aires},
publisher         = {Siglo XXI Editores},
hyphenation       = {spanish},
language          = {spanish},
subtitle          = {Nacimiento de la prisión},
}
@book{@7055-ARANCIBIA2005,
keywords          = {,20251404FERRAN},
author            = {Arancibia, Juan Pablo},
title             = {Extraviar a Foucault},
date              = {2005},
location          = {Santiago de Chile},
publisher         = {Palinodia},
hyphenation       = {spanish},
language          = {spanish},
}
@incollection{@7056-FOUCAULT2001,
keywords          = {,20251404FERRAN},
author            = {Foucault, Michel},
bookAuthor        = {Dreyfus, Hubert and Rabinow, Paul},
title             = {Post-Scriptum. El sujeto y el poder},
bookTitle         = {Michel Foucault. Más allá del estructuralismo y la hermenéutica},
date              = {2001},
location          = {Buenos Aires},
publisher         = {Nueva Visión},
hyphenation       = {spanish},
language          = {spanish},
}
@incollection{@7057-RAJCHMAN1990,
keywords          = {,20251404FERRAN},
author            = {Rajchman, John},
title             = {Foucault: The Art of Ethics},
bookTitle         = {Michel Foucault, filósofo},
date              = {1990},
location          = {Barcelona},
publisher         = {Gedisa},
hyphenation       = {english},
language          = {english},
}
@book{@7058-MOROABADIA2006,
keywords          = {,20251404FERRAN},
author            = {Moro Abadía, Óscar},
title             = {La perspectiva genealógica de la historia},
date              = {2006},
location          = {Santander},
publisher         = {Servicio de Publicaciones de la Universidad de Cantabria},
hyphenation       = {spanish},
language          = {spanish},
}
@incollection{@7059-FOUCAULT2010,
keywords          = {,20251404FERRAN},
author            = {Foucault, Michel},
title             = {Entrevista sobre la prisión: el libro y su método},
bookTitle         = {Michel Foucault. Obras esenciales},
date              = {2010},
location          = {Madrid},
publisher         = {Paidós},
hyphenation       = {spanish},
language          = {spanish},
}
@article{@7060-VEYNE1987,
keywords          = {,20251404FERRAN},
author            = {Veyne, Paul},
title             = {El último Foucault y su moral},
journalTitle      = {ESTUDIOS. Filosofía-historia-letras},
year              = {1987},
hyphenation       = {spanish},
language          = {spanish},
number            = {9},
}
@book{@7061-FOUCAULT2009,
keywords          = {,20251404FERRAN},
author            = {Foucault, Michel},
title             = {El yo minimalista y otras conversaciones},
date              = {2009},
location          = {Buenos Aires},
publisher         = {La marca editora},
hyphenation       = {spanish},
language          = {spanish},
}
@book{@7062-SCAVINO2010,
keywords          = {,20251404FERRAN},
author            = {Scavino, Dardo},
title             = {La filosofía actual},
date              = {2010},
location          = {Buenos Aires},
publisher         = {Paidos},
hyphenation       = {spanish},
language          = {spanish},
subtitle          = {Pensar sin certezas},
}
@book{@7063-ZIZEK2005,
keywords          = {,20251404FERRAN},
author            = {Žižek, Slavoj},
title             = {El espinoso sujeto},
date              = {2005},
location          = {Buenos Aires},
publisher         = {Paidos},
hyphenation       = {spanish},
language          = {spanish},
subtitle          = {El centro ausente de la ontología política},
}
@book{@7064-RANCIERE2010,
keywords          = {,20251404FERRAN},
author            = {Rancière, Jacques},
title             = {El desacuerdo},
date              = {2010},
location          = {Buenos Aires},
publisher         = {Editorial Nueva Visión},
hyphenation       = {spanish},
language          = {spanish},
subtitle          = {Política y filosofía},
}
@incollection{@7065-RANCIERE2007,
keywords          = {,20251404FERRAN},
author            = {Rancière, Jacques},
title             = {La Comunidad de iguales},
bookTitle         = {En los bordes de lo político},
date              = {2007},
publisher         = {Escuela de Filosofía Universidad ARCIS},
hyphenation       = {spanish},
language          = {spanish},
}
@book{@7066-RANCIERE2007,
keywords          = {,20251404FERRAN},
author            = {Rancière, Jacques},
title             = {El odio a la democracia},
date              = {2007},
location          = {Buenos Aires},
publisher         = {Editorial Amorrortu},
hyphenation       = {spanish},
language          = {spanish},
}
@article{@7067-LACAN1988,
keywords          = {,20251404FERRAN},
author            = {Lacan, Jacques},
bookAuthor        = {Miller, Jacques-Alain},
title             = {L'insú que sait de l'une-bévue s'aile à mourre},
year              = {1988},
location          = {Paris: Lyse},
publisher         = {Ornicar},
hyphenation       = {spanish},
language          = {spanish},
number            = {12--18},
}
@book{@7068-FOUCAULT2010,
keywords          = {,20251404FERRAN},
author            = {Foucault, Michel},
title             = {El gobierno de sí y de los otros},
date              = {2010},
location          = {Buenos Aires},
publisher         = {Fondo de Cultura Económica},
hyphenation       = {spanish},
language          = {spanish},
}
@book{@7069-FOUCAULT2010,
keywords          = {,20251404FERRAN},
author            = {Foucault, Michel},
title             = {El coraje de la verdad},
date              = {2010},
location          = {Buenos Aires},
publisher         = {Fondo de Cultura Económica},
hyphenation       = {spanish},
}
@book{@7070-AGAMBEN2009,
keywords          = {,20251404FERRAN},
author            = {Agamben, Giorgio},
title             = {Signatura Rerum: Sobre el método},
date              = {2009},
location          = {Buenos Aires},
publisher         = {Adriana Hidalgo},
hyphenation       = {spanish},
}
@article{@7071-FARRAN2009,
keywords          = {,20251404FERRAN},
author            = {Farrán, Roque},
title             = {Notas sobre el pensamiento de lo político en el cruce del psicoanálisis y la filosofía posmarxista},
journalTitle      = {Revista Psikeba. Psicoanálisis y Estudios Culturales},
year              = {2009},
hyphenation       = {spanish},
number            = {10},
}
@book{@7072-BADIOU2002,
keywords          = {,20251404FERRAN},
author            = {Badiou, Alain},
title             = {Condiciones},
date              = {2002},
location          = {Buenos Aires},
publisher         = {Siglo XXI},
hyphenation       = {spanish},
}
@book{@7073-AGAMBEN2010,
keywords          = {,20251404FERRAN},
author            = {Agamben, Giorgio},
title             = {El sacramento del lenguaje},
date              = {2010},
location          = {Buenos Aires},
publisher         = {Adriana Hidalgo},
hyphenation       = {spanish},
}
@article{@7074-BISET2010,
keywords          = {,20251404FERRAN},
author            = {Biset, Emmanuel},
title             = {Contra la diferencia política},
journalTitle      = {Pensamento Plural},
volume            = {7},
year              = {2010},
date              = {2010-07},
pages             = {173-202},
hyphenation       = {spanish},
}
@article{@7075-ROME2009,
keywords          = {,20251404FERRAN},
author            = {Romé, Natalia},
title             = {Laberinto de espejos: el ``Lacan'' de Althusser. Notas sobre la relación entre sentido y temporalidad},
journalTitle      = {Psikeba. Psicoanálisis y Estudios Culturales},
year              = {2009},
hyphenation       = {spanish},
url               = {http://www.psikeba.com.ar/}{www.psikeba.com.ar},
number            = {10},
}
@book{@7076-BENVENISTE2008,
keywords          = {,20251404FERRAN},
author            = {Benveniste, Émile},
title             = {Problemas de lingüística general II},
date              = {2008},
location          = {México},
publisher         = {Siglo XXI},
hyphenation       = {spanish},
}

@Comment{generado con gbTeXpublisher; databaseType:biblatex; fecha de creación: 21/04/2025;}